@inbook{RN39,
   author = {de Carvalho Correia, Ana Carla and de Miranda, Leonardo Cunha and Hornung, Heiko},
   title = {Gesture-Based Interaction in Domotic Environments: State of the Art and HCI Framework Inspired by the Diversity},
   booktitle = {Human-Computer Interaction – INTERACT 2013: 14th IFIP TC 13 International Conference, Cape Town, South Africa, September 2-6, 2013, Proceedings, Part II},
   editor = {Kotzé, Paula and Marsden, Gary and Lindgaard, Gitte and Wesson, Janet and Winckler, Marco},
   publisher = {Springer Berlin Heidelberg},
   address = {Berlin, Heidelberg},
   pages = {300-317},
   ISBN = {978-3-642-40480-1},
   DOI = {10.1007/978-3-642-40480-1_19},
   url = {http://dx.doi.org/10.1007/978-3-642-40480-1_19
http://download.springer.com/static/pdf/98/chp%253A10.1007%252F978-3-642-40480-1_19.pdf?originUrl=http%3A%2F%2Flink.springer.com%2Fchapter%2F10.1007%2F978-3-642-40480-1_19&token2=exp=1494167591~acl=%2Fstatic%2Fpdf%2F98%2Fchp%25253A10.1007%25252F978-3-642-40480-1_19.pdf%3ForiginUrl%3Dhttp%253A%252F%252Flink.springer.com%252Fchapter%252F10.1007%252F978-3-642-40480-1_19*~hmac=265be4177a0bccc61b0f81e54678fc5116b7e7971c15965e2a6e453fa3f27fbb},
   year = {2013},
   type = {Book Section}
}

@article{RN38,
   author = {Nielsen, Jakob},
   title = {Kinect Gestural UI: First Impressions},
   url = {https://www.nngroup.com/articles/kinect-gestural-ui-first-impressions/},
   year = {2010},
   type = {Journal Article}
}

@book{RN37,
   author = {Norman, Don},
   title = {The Design of Everyday Things},
   publisher = {Basic Books},
   address = {New York},
   ISBN = {0-465-06710-7},
   year = {2002},
   type = {Book}
}

@article{RN41,
   author = {Norman, Donald A.},
   title = {Natural user interfaces are not natural},
   journal = {interactions},
   volume = {17},
   number = {3},
   pages = {6-10},
   ISSN = {1072-5520},
   DOI = {10.1145/1744161.1744163},
   url = {http://delivery.acm.org/10.1145/1750000/1744163/p6-norman.pdf?ip=129.241.222.205&id=1744163&acc=ACTIVE%20SERVICE&key=CDADA77FFDD8BE08%2E5386D6A7D247483C%2E4D4702B0C3E38B35%2E4D4702B0C3E38B35&CFID=933408618&CFTOKEN=96956671&__acm__=1494167089_8e353fa5963fdb905b1954437996048e},
   year = {2010},
   type = {Journal Article}
}

