@misc{RN178,
   volume = {2018},
   number = {01.04.},
   url = {http://nevro.legehandboka.no/handboken/sykdommer/alle-sykdommer/alfabetisk-oversikt/autisme-aspergers-syndrom},
   year = {2016},
   type = {Web Page}
}

@article{RN11,
   author = {Abedan Kondori, Farid and Yousefi, Shahrouz and Kouma, Jean-Paul and Liu, Li and Li, Haibo},
   title = {Direct hand pose estimation for immersive gestural interaction},
   journal = {Pattern Recognition Letters},
   volume = {66},
   pages = {91-99},
   ISSN = {0167-8655},
   DOI = {10.1016/j.patrec.2015.03.013},
   url = {http://ac.els-cdn.com/S0167865515000847/1-s2.0-S0167865515000847-main.pdf?_tid=ddf4bf3e-b1b3-11e6-acaf-00000aab0f27&acdnat=1479929856_7f6de468654155c11e3bd3bbef4fe9f9},
   year = {2015},
   type = {Journal Article}
}

@article{RN124,
   author = {Afyouni, Imad and Rehman, Faizan Ur and Qamar, Ahmad Muaz and Ghani, Sohaib and Hussain, Syed Osama and Sadiq, Bilal and Rahman, Mohamed Abdur and Murad, Abdullah and Basalamah, Saleh},
   title = {A therapy-driven gamification framework for hand rehabilitation},
   journal = {User Modeling and User-Adapted Interaction},
   volume = {27},
   number = {2},
   pages = {215-265},
   ISSN = {1573-1391},
   DOI = {10.1007/s11257-017-9191-4},
   url = {https://doi.org/10.1007/s11257-017-9191-4
https://link.springer.com/content/pdf/10.1007%2Fs11257-017-9191-4.pdf},
   year = {2017},
   type = {Journal Article}
}

@article{RN153,
   author = {Akshoomoff, Natacha},
   title = {Use of the Mullen Scales of Early Learning for the Assessment of Young Children with Autism Spectrum Disorders},
   journal = {Child neuropsychology : a journal on normal and abnormal development in childhood and adolescence},
   volume = {12},
   number = {4-5},
   pages = {269-277},
   ISSN = {0929-7049},
   DOI = {10.1080/09297040500473714},
   url = {http://www.ncbi.nlm.nih.gov/pmc/articles/PMC1550495/
https://www.ncbi.nlm.nih.gov/pmc/articles/PMC1550495/pdf/nihms8885.pdf},
   year = {2006},
   type = {Journal Article}
}

@inproceedings{RN127,
   author = {Amado Sanchez, Veronica Lizeth and Islas Cruz, Oscar Iván and Ahumada Solorza, Edgar Armando and Encinas Monroy, Iván Alejandro and Caro, Karina and Castro, Luis A.},
   title = {BeeSmart: A Gesture-Based Videogame to Support Literacy and Eye-Hand Coordination of Children with Down Syndrome},
   series = {Games and Learning Alliance},
   publisher = {Springer International Publishing},
   pages = {43-53},
   ISBN = {978-3-319-71940-5},
   type = {Conference Proceedings}
}

@misc{RN27,
   volume = {7206},
   pages = {1-12},
   ISBN = {03029743
9783642341816},
   DOI= {10.1007/978-3-642-34182-3_1},
   url = {http://download.springer.com/static/pdf/983/chp%253A10.1007%252F978-3-642-34182-3_1.pdf?originUrl=http%3A%2F%2Flink.springer.com%2Fchapter%2F10.1007%2F978-3-642-34182-3_1&token2=exp=1481648908~acl=%2Fstatic%2Fpdf%2F983%2Fchp%25253A10.1007%25252F978-3-642-34182-3_1.pdf%3ForiginUrl%3Dhttp%253A%252F%252Flink.springer.com%252Fchapter%252F10.1007%252F978-3-642-34182-3_1*~hmac=e445e9ab571b89b6130f45952661f6a9ca2198413db9b886b5e730186d1499de},
   year = {2012},
   type = {Generic}
}

@inbook{RN106,
   author = {Anastasiou, Dimitra},
   title = {Gestures in Assisted Living Environments},
   booktitle = {Gesture and Sign Language in Human-Computer Interaction and Embodied Communication: 9th International Gesture Workshop, GW 2011, Athens, Greece, May 25-27, 2011, Revised Selected Papers},
   editor = {Efthimiou, Eleni and Kouroupetroglou, Georgios and Fotinea, Stavroula-Evita},
   publisher = {Springer Berlin Heidelberg},
   address = {Berlin, Heidelberg},
   pages = {1-12},
   ISBN = {978-3-642-34182-3},
   DOI = {10.1007/978-3-642-34182-3_1},
   url = {http://dx.doi.org/10.1007/978-3-642-34182-3_1
http://download.springer.com/static/pdf/983/chp%253A10.1007%252F978-3-642-34182-3_1.pdf?originUrl=http%3A%2F%2Flink.springer.com%2Fchapter%2F10.1007%2F978-3-642-34182-3_1&token2=exp=1494260232~acl=%2Fstatic%2Fpdf%2F983%2Fchp%25253A10.1007%25252F978-3-642-34182-3_1.pdf%3ForiginUrl%3Dhttp%253A%252F%252Flink.springer.com%252Fchapter%252F10.1007%252F978-3-642-34182-3_1*~hmac=8c0d42cc0a1d16a04cb6af4d996b33360473909d007abee1e90063856532fe8b},
   year = {2012},
   type = {Book Section}
}

@article{RN145,
   author = {Anzulewicz, Anna and Sobota, Krzysztof and Delafield-Butt, Jonathan T.},
   title = {Toward the Autism Motor Signature: Gesture patterns during smart tablet gameplay identify children with autism},
   journal = {Scientific Reports},
   volume = {6},
   pages = {31107},
   DOI = {10.1038/srep31107
https://www.nature.com/articles/srep31107#supplementary-information},
   url = {http://dx.doi.org/10.1038/srep31107
https://www.ncbi.nlm.nih.gov/pmc/articles/PMC4995518/pdf/srep31107.pdf},
   year = {2016},
   type = {Journal Article}
}

@article{RN14,
   author = {Ardito, Carmelo and Costabile, Maria Francesca and Jetter, Hans-Christian},
   title = {Gestures that people can understand and use},
   journal = {Journal of Visual Languages and Computing},
   volume = {25},
   number = {5},
   pages = {572-576},
   ISSN = {1045-926X},
   DOI = {10.1016/j.jvlc.2014.07.002},
   url = {http://ac.els-cdn.com/S1045926X14000639/1-s2.0-S1045926X14000639-main.pdf?_tid=cbd369fa-b26b-11e6-8220-00000aacb362&acdnat=1480008853_a655e0e256a31d1c1f13cc4713589a30},
   year = {2014},
   type = {Journal Article}
}

@inproceedings{RN146,
   author = {Beltramone, D. A. and Tula, S. M. and Rivarola, M. F. and Hidalgo, M. B. and Tancredi, P. D. and Quin-tana, M. L. Quinteros and Diaz, J. M. and Marcotti, A. and Atea, J. J.},
   title = {Evaluation of Natural Technological Interfaces for Children with Psychomotor Disabilities},
   series = {VI Latin American Congress on Biomedical Engineering CLAIB 2014, Paraná, Argentina 29, 30 & 31 October 2014},
   publisher = {Springer International Publishing},
   pages = {960-963},
   ISBN = {978-3-319-13117-7},
   type = {Conference Proceedings}
}

@article{RN161,
   author = {Ben-Sadoun, G. and Manera, V. and Alvarez, J. and Sacco, G. and Robert, P.},
   title = {Recommendations for the Design of Serious Games in Neurodegenerative Diseases},
   journal = {Front Aging Neurosci},
   volume = {10},
   pages = {13},
   ISSN = {1663-4365 (Print)
1663-4365},
   DOI = {10.3389/fnagi.2018.00013},
   url = {https://www.ncbi.nlm.nih.gov/pmc/articles/PMC5801308/pdf/fnagi-10-00013.pdf},
   year = {2018},
   type = {Journal Article}
}

@article{RN61,
   author = {Bilal, Sara and Akmeliawati, Rini and Shafie, Amir A. and Salami, Momoh Jimoh E.},
   title = {Hidden Markov model for human to computer interaction: A study on human hand gesture recognition},
   journal = {Artificial Intelligence Review},
   volume = {40},
   number = {4},
   pages = {495-516},
   ISSN = {02692821},
   DOI = {10.1007/s10462-011-9292-0},
   url = {http://download.springer.com/static/pdf/256/art%253A10.1007%252Fs10462-011-9292-0.pdf?originUrl=http%3A%2F%2Flink.springer.com%2Farticle%2F10.1007%2Fs10462-011-9292-0&token2=exp=1480590254~acl=%2Fstatic%2Fpdf%2F256%2Fart%25253A10.1007%25252Fs10462-011-9292-0.pdf%3ForiginUrl%3Dhttp%253A%252F%252Flink.springer.com%252Farticle%252F10.1007%252Fs10462-011-9292-0*~hmac=ca71ab5e8390d1775169a256ce1c3a70cd424aa3ca529cc09e4c7a1b9e2d18b1
http://download.springer.com/static/pdf/256/art%253A10.1007%252Fs10462-011-9292-0.pdf?originUrl=http%3A%2F%2Flink.springer.com%2Farticle%2F10.1007%2Fs10462-011-9292-0&token2=exp=1494257945~acl=%2Fstatic%2Fpdf%2F256%2Fart%25253A10.1007%25252Fs10462-011-9292-0.pdf%3ForiginUrl%3Dhttp%253A%252F%252Flink.springer.com%252Farticle%252F10.1007%252Fs10462-011-9292-0*~hmac=9d2c1a71b76f6d48a79e92f3a9bfbdf843c8b496a6e7bb384738ec60ca25c508},
   year = {2013},
   type = {Journal Article}
}

@article{RN123,
   author = {Billinghurst, M. and Piumsomboon, T. and Bai, H.},
   title = {Hands in Space: Gesture Interaction with Augmented-Reality Interfaces},
   journal = {IEEE Computer Graphics and Applications},
   volume = {34},
   number = {1},
   pages = {77-80},
   ISSN = {0272-1716},
   DOI = {10.1109/MCG.2014.8},
   url = {http://ieeexplore.ieee.org/ielx7/38/6756715/06756716.pdf?tp=&arnumber=6756716&isnumber=6756715},
   year = {2014},
   type = {Journal Article}
}

@article{RN120,
   author = {Billinghurst, M. and Piumsomboon, T. and Bai, H. D.},
   title = {Hands in Space Gesture Interaction with Augmented-Reality Interfaces},
   journal = {IEEE Comput. Graph. Appl.},
   volume = {34},
   number = {1},
   pages = {77-81},
   ISSN = {0272-1716},
   DOI = {10.1109/MCG.2014.8},
   year = {2014},
   type = {Journal Article}
}

@inproceedings{RN176,
   author = {Bouchard, Bruno and Imbeault, Frédérick and Bouzouane, Abdenour and Menelas, Bob-Antoine J.},
   title = {Developing Serious Games Specifically Adapted to People Suffering from Alzheimer},
   series = {Serious Games Development and Applications},
   publisher = {Springer Berlin Heidelberg},
   pages = {243-254},
   ISBN = {978-3-642-33687-4},
   type = {Conference Proceedings}
}

@article{RN165,
   author = {Brown, Ted and Lalor, Aislinn},
   title = {The Movement Assessment Battery for Children—Second Edition (MABC-2): A Review and Critique},
   journal = {Physical & Occupational Therapy In Pediatrics},
   volume = {29},
   number = {1},
   pages = {86-103},
   ISSN = {0194-2638},
   DOI = {10.1080/01942630802574908},
   url = {https://doi.org/10.1080/01942630802574908
https://www.tandfonline.com/doi/full/10.1080/01942630802574908
https://www.tandfonline.com/doi/pdf/10.1080/01942630802574908?needAccess=true},
   year = {2009},
   type = {Journal Article}
}

@article{RN169,
   author = {Buchinger, Diego and da Silva Hounsell, Marcelo},
   title = {Guidelines for designing and using collaborative-competitive serious games},
   journal = {Computers & Education},
   volume = {118},
   pages = {133-149},
   ISSN = {0360-1315},
   DOI = {https://doi.org/10.1016/j.compedu.2017.11.007},
   url = {http://www.sciencedirect.com/science/article/pii/S0360131517302518
https://www.sciencedirect.com/science/article/pii/S0360131517302518?via%3Dihub},
   year = {2018},
   type = {Journal Article}
}

@article{RN160,
   author = {Cameirao, M. S. and Bermudez, I. Badia S. and Duarte Oller, E. and Verschure, P. F.},
   title = {The rehabilitation gaming system: a review},
   journal = {Stud Health Technol Inform},
   volume = {145},
   pages = {65-83},
   ISSN = {0926-9630 (Print)
0926-9630},
   year = {2009},
   type = {Journal Article}
}

@article{RN133,
   author = {Caro, Karina and Tentori, Mónica and Martinez-Garcia, Ana I. and Zavala-Ibarra, Ivan},
   title = {FroggyBobby: An exergame to support children with motor problems practicing motor coordination exercises during therapeutic interventions},
   journal = {Computers in Human Behavior},
   volume = {71},
   pages = {479-498},
   ISSN = {0747-5632},
   DOI = {https://doi.org/10.1016/j.chb.2015.05.055},
   url = {http://www.sciencedirect.com/science/article/pii/S0747563215004380
https://www.sciencedirect.com/science/article/pii/S0747563215004380?via%3Dihub},
   year = {2017},
   type = {Journal Article}
}

@article{RN25,
   author = {Cassola, Fernando and Morgado, Leonel and de Carvalho, Fausto and Paredes, Hugo and Fonseca, Benjamim and Martins, Paulo},
   title = {Online-Gym: A 3D Virtual Gymnasium Using Kinect Interaction},
   journal = {Procedia Technology},
   volume = {13},
   pages = {130-138},
   ISSN = {2212-0173},
   DOI = {http://dx.doi.org/10.1016/j.protcy.2014.02.017},
   url = {http://www.sciencedirect.com/science/article/pii/S2212017314000279},
   year = {2014},
   type = {Journal Article}
}

@article{RN155,
   author = {Charsky, Dennis},
   title = {From Edutainment to Serious Games: A Change in the Use of Game Characteristics},
   journal = {Games and Culture},
   volume = {5},
   number = {2},
   pages = {177-198},
   DOI = {10.1177/1555412009354727},
   url = {http://journals.sagepub.com/doi/abs/10.1177/1555412009354727
http://journals.sagepub.com/doi/pdf/10.1177/1555412009354727},
   year = {2010},
   type = {Journal Article}
}

@article{RN158,
   author = {Costas, Boletsis and Simon, McCallum},
   title = {Smartkuber: A Serious Game for Cognitive Health Screening of Elderly Players},
   journal = {Games for Health Journal},
   volume = {5},
   number = {4},
   pages = {241-251},
   DOI = {10.1089/g4h.2015.0107},
   url = {https://www.liebertpub.com/doi/abs/10.1089/g4h.2015.0107},
   year = {2016},
   type = {Journal Article}
}

@article{RN134,
   author = {Crippa, Alessandro and Forti, Sara and Perego, Paolo and Molteni, Massimo},
   title = {Eye-Hand Coordination in Children with High Functioning Autism and Asperger’s Disorder Using a Gap-Overlap Paradigm},
   journal = {Journal of Autism and Developmental Disorders},
   volume = {43},
   number = {4},
   pages = {841-850},
   ISSN = {1573-3432},
   DOI = {10.1007/s10803-012-1623-8},
   url = {https://doi.org/10.1007/s10803-012-1623-8
https://link.springer.com/content/pdf/10.1007%2Fs10803-012-1623-8.pdf},
   year = {2013},
   type = {Journal Article}
}

@inbook{RN78,
   author = {de Carvalho Correia, Ana Carla and de Miranda, Leonardo Cunha and Hornung, Heiko},
   title = {Gesture-Based Interaction in Domotic Environments: State of the Art and HCI Framework Inspired by the Diversity},
   booktitle = {Human-Computer Interaction – INTERACT 2013: 14th IFIP TC 13 International Conference, Cape Town, South Africa, September 2-6, 2013, Proceedings, Part II},
   editor = {Kotzé, Paula and Marsden, Gary and Lindgaard, Gitte and Wesson, Janet and Winckler, Marco},
   publisher = {Springer Berlin Heidelberg},
   address = {Berlin, Heidelberg},
   pages = {300-317},
   ISBN = {978-3-642-40480-1},
   DOI = {10.1007/978-3-642-40480-1_19},
   url = {http://dx.doi.org/10.1007/978-3-642-40480-1_19
http://download.springer.com/static/pdf/98/chp%253A10.1007%252F978-3-642-40480-1_19.pdf?originUrl=http%3A%2F%2Flink.springer.com%2Fchapter%2F10.1007%2F978-3-642-40480-1_19&token2=exp=1494167591~acl=%2Fstatic%2Fpdf%2F98%2Fchp%25253A10.1007%25252F978-3-642-40480-1_19.pdf%3ForiginUrl%3Dhttp%253A%252F%252Flink.springer.com%252Fchapter%252F10.1007%252F978-3-642-40480-1_19*~hmac=265be4177a0bccc61b0f81e54678fc5116b7e7971c15965e2a6e453fa3f27fbb
http://download.springer.com/static/pdf/98/chp%253A10.1007%252F978-3-642-40480-1_19.pdf?originUrl=http%3A%2F%2Flink.springer.com%2Fchapter%2F10.1007%2F978-3-642-40480-1_19&token2=exp=1494257892~acl=%2Fstatic%2Fpdf%2F98%2Fchp%25253A10.1007%25252F978-3-642-40480-1_19.pdf%3ForiginUrl%3Dhttp%253A%252F%252Flink.springer.com%252Fchapter%252F10.1007%252F978-3-642-40480-1_19*~hmac=5852be8555b10a063e11ca010b6b7532ebb0ddf0abea07b2502b38876bb9624a},
   year = {2013},
   type = {Book Section}
}

@inproceedings{RN125,
   author = {de Carvalho Correia, Ana Carla and de Miranda, Leonardo Cunha and Hornung, Heiko},
   title = {Gesture-Based Interaction in Domotic Environments: State of the Art and HCI Framework Inspired by the Diversity},
   series = {Human-Computer Interaction – INTERACT 2013},
   publisher = {Springer Berlin Heidelberg},
   pages = {300-317},
   ISBN = {978-3-642-40480-1},
   type = {Conference Proceedings}
}

@article{RN72,
   author = {Dustin Freeman, Ramadevi Vennelakanti, Sriganesh Madhvanath},
   title = {Freehand pose-based Gestural Interaction: Studies and implications for interface designIntelligent Human Computer Interaction },
   journal = {Computer Interaction (IHCI), 2012 4th International Conference on IEEE},
   DOI = {10.1109/IHCI.2012.6481816},
   url = {http://ieeexplore.ieee.org/ielx7/6476067/6481768/06481816.pdf?tp=&arnumber=6481816&isnumber=6481768},
   year = {2012},
   type = {Journal Article}
}

@misc{RN186,
   volume = {2018},
   number = {01.05.},
   url = {https://www.autismus.de/was-ist-autismus.html},
   type = {Web Page}
}

@article{RN150,
   author = {Ecker, C. and Andrews, D. S. and Gudbrandsen, C. M. and et al.},
   title = {Association between the probability of autism spectrum disorder and normative sex-related phenotypic diversity in brain structure},
   journal = {JAMA Psychiatry},
   volume = {74},
   number = {4},
   pages = {329-338},
   ISSN = {2168-622X},
   DOI = {10.1001/jamapsychiatry.2016.3990},
   url = {http://dx.doi.org/10.1001/jamapsychiatry.2016.3990
https://jamanetwork.com/journals/jamapsychiatry/articlepdf/2601066/jamapsychiatry_Ecker_2017_oi_160103.pdf},
   year = {2017},
   type = {Journal Article}
}

@misc{RN114,
   pages = {97-109},
   DOI= {10.1145/2678025.2701394},
   url = {http://delivery.acm.org/10.1145/2710000/2701394/p97-erazo.pdf?ip=129.241.164.216&id=2701394&acc=ACTIVE%20SERVICE&key=CDADA77FFDD8BE08%2E5386D6A7D247483C%2E4D4702B0C3E38B35%2E4D4702B0C3E38B35&CFID=763965919&CFTOKEN=18055704&__acm__=1495043740_9154d68abd76f37bc9d348b1d0cff642},
   year = {2015},
   type = {Conference Paper}
}

@article{RN147,
   author = {Ferreira, Miguel and Carreiro, Andreia and Damasceno, António},
   title = {Gesture Analysis Algorithms},
   journal = {Procedia Technology},
   volume = {9},
   pages = {1273-1281},
   ISSN = {2212-0173},
   DOI = {https://doi.org/10.1016/j.protcy.2013.12.142},
   url = {http://www.sciencedirect.com/science/article/pii/S221201731300296X
https://www.sciencedirect.com/science/article/pii/S221201731300296X?via%3Dihub},
   year = {2013},
   type = {Journal Article}
}

@misc{RN185,
   volume = {2018},
   number = {01.05.},
   url = {https://www.fhi.no/fp/barn-og-unge/utviklingsforstyrrelser/autisme---faktaark/},
   year = {2015},
   type = {Web Page}
}

@article{RN152,
   author = {Fombonne, E.},
   title = {Epidemiology of autistic disorder and other pervasive developmental disorders},
   journal = {J Clin Psychiatry},
   volume = {66 Suppl 10},
   pages = {3-8},
   ISSN = {0160-6689 (Print)
0160-6689},
   url = {http://www.psychiatrist.com/jcp/article/pages/2005/v66s10/v66s1001.aspx},
   year = {2005},
   type = {Journal Article}
}

@misc{RN188,
   volume = {2018},
   number = {01.05.},
   url = {http://nevro.legehandboka.no/handboken/sykdommer/alle-sykdommer/alfabetisk-oversikt/autisme-aspergers-syndrom},
   year = {2016},
   type = {Web Page}
}

@misc{RN170,
   pages = {1663-1666},
   DOI= {10.1145/1873951.1874316},
   url = {http://delivery.acm.org/10.1145/1880000/1874316/p1663-gobel.pdf?ip=129.241.222.19&id=1874316&acc=ACTIVE%20SERVICE&key=CDADA77FFDD8BE08%2E5386D6A7D247483C%2E4D4702B0C3E38B35%2E4D4702B0C3E38B35&__acm__=1526843024_8eff29e61c7ce5e00e6ebca89dd7bd5e},
   year = {2010},
   type = {Conference Paper}
}

@misc{RN184,
   volume = {2018},
   number = {01.05.},
   url = {https://www.usertesting.com/blog/2015/04/29/ux-for-kids/},
   year = {2015},
   type = {Web Page}
}

@article{RN75,
   author = {Galna, Brook and Barry, Gillian and Jackson, Dan and Mhiripiri, Dadirayi and Olivier, Patrick and Rochester, Lynn},
   title = {Accuracy of the Microsoft Kinect sensor for measuring movement in people with Parkinson's disease},
   journal = {Gait & Posture},
   volume = {39},
   number = {4},
   pages = {1062-1068},
   ISSN = {0966-6362},
   DOI = {10.1016/j.gaitpost.2014.01.008},
   url = {http://ac.els-cdn.com/S0966636214000241/1-s2.0-S0966636214000241-main.pdf?_tid=43187312-b7ca-11e6-8583-00000aab0f26&acdnat=1480599181_f19fc1d45146b1ae2aa707bf87b258eb
http://ac.els-cdn.com/S0966636214000241/1-s2.0-S0966636214000241-main.pdf?_tid=b9a06e0a-3401-11e7-b370-00000aacb35e&acdnat=1494256947_f0908606049c0383c050800cbee42e2c},
   year = {2014},
   type = {Journal Article}
}

@misc{RN173,
   pages = {117-124},
   DOI= {10.1145/1935701.1935725},
   url = {http://delivery.acm.org/10.1145/1940000/1935725/p117-geurts.pdf?ip=129.241.222.19&id=1935725&acc=ACTIVE%20SERVICE&key=CDADA77FFDD8BE08%2E5386D6A7D247483C%2E4D4702B0C3E38B35%2E4D4702B0C3E38B35&__acm__=1526843483_56a3280647b57d5982fe04b7545c48cd},
   year = {2011},
   type = {Conference Paper}
}

@misc{RN22,
   volume = {7206},
   pages = {24-35},
   ISBN = {03029743
9783642341816},
   DOI= {10.1007/978-3-642-34182-3_3},
   url = {http://download.springer.com/static/pdf/985/chp%253A10.1007%252F978-3-642-34182-3_3.pdf?originUrl=http%3A%2F%2Flink.springer.com%2Fchapter%2F10.1007%2F978-3-642-34182-3_3&token2=exp=1481635930~acl=%2Fstatic%2Fpdf%2F985%2Fchp%25253A10.1007%25252F978-3-642-34182-3_3.pdf%3ForiginUrl%3Dhttp%253A%252F%252Flink.springer.com%252Fchapter%252F10.1007%252F978-3-642-34182-3_3*~hmac=34987b114faae36a378de691112b68fe0b3b5c6469f41ded86c9329a1002a35d},
   year = {2012},
   type = {Generic}
}

@unpublished{RN119,
   author = {Grundmann, Susan},
   title = {Gestural interfaces in HCI - A literature review},
   publisher = {NTNU},
   year = {2016},
   type = {Unpublished Work}
}

@article{RN3,
   author = {Gupta, L. and Suwei, Ma},
   title = {Gesture-based interaction and communication: automated classification of hand gesture contours},
   journal = {Systems, Man, and Cybernetics, Part C: Applications and Reviews, IEEE Transactions on},
   volume = {31},
   number = {1},
   pages = {114-120},
   ISSN = {1094-6977},
   DOI = {10.1109/5326.923274},
   url = {http://ieeexplore.ieee.org/ielx5/5326/19967/00923274.pdf?tp=&arnumber=923274&isnumber=19967},
   year = {2001},
   type = {Journal Article}
}

@article{RN162,
   author = {Gyori, M. and Borsos, Z. and Stefanik, K.},
   title = {Evidence-based development and first usability testing of a social serious game based multi-modal system for early screening for atypical socio-cognitive development},
   journal = {Stud Health Technol Inform},
   volume = {217},
   pages = {48-54},
   ISSN = {0926-9630 (Print)
0926-9630},
   year = {2015},
   type = {Journal Article}
}

@book{RN164,
   author = {Gyori, Miklos and Borsos, Zsófia and Stefanik, Krisztina},
   title = {Evidence-based development and first usability testing of a social serious game based multi-modal system for early screening for atypical socio-cognitive development},
   volume = {217},
   pages = {48-54},
   year = {2015},
   type = {Book}
}

@misc{RN71,
   volume = {2016},
   number = {30.11.},
   url = {http://www.digitaltrends.com/cars/2016-bmw-7-series-gesture-control-pictures-video-news/},
   year = {2015},
   type = {Web Page}
}

@misc{RN187,
   volume = {2018},
   number = {01.05.},
   url = {https://www.nimh.nih.gov/health/topics/autism-spectrum-disorders-asd/index.shtml},
   type = {Web Page}
}

@article{RN135,
   author = {Hill, Liam J. B. and Culmer, Peter R. and Mon-Williams, Mark},
   title = {Lags in measuring eye–hand coordination},
   journal = {Journal of Neuroscience Methods},
   volume = {232},
   pages = {150-151},
   ISSN = {0165-0270},
   DOI = {https://doi.org/10.1016/j.jneumeth.2014.05.016},
   url = {http://www.sciencedirect.com/science/article/pii/S0165027014001708
https://www.sciencedirect.com/science/article/pii/S0165027014001708?via%3Dihub},
   year = {2014},
   type = {Journal Article}
}

@article{RN138,
   author = {Houwen, Suzanne and Visser, Linda and van der Putten, Annette and Vlaskamp, Carla},
   title = {The interrelationships between motor, cognitive, and language development in children with and without intellectual and developmental disabilities},
   journal = {Research in Developmental Disabilities},
   volume = {53-54},
   pages = {19-31},
   ISSN = {0891-4222},
   DOI = {https://doi.org/10.1016/j.ridd.2016.01.012},
   url = {http://www.sciencedirect.com/science/article/pii/S0891422216300129
https://www.sciencedirect.com/science/article/pii/S0891422216300129?via%3Dihub},
   year = {2016},
   type = {Journal Article}
}

@misc{RN10,
   pages = {591-596},
   ISBN = {0-8186-8344-9},
   DOI= {10.1109/AFGR.1998.671012},
   url = {http://ieeexplore.ieee.org/ielx4/5501/14786/00671012.pdf?tp=&arnumber=671012&isnumber=14786},
   year = {1998},
   type = {Generic}
}

@article{RN24,
   author = {Ibañez, Rodrigo and Soria, Álvaro and Teyseyre, Alfredo and Campo, Marcelo},
   title = {Easy gesture recognition for Kinect},
   journal = {Advances in Engineering Software},
   volume = {76},
   pages = {171-180},
   ISSN = {0965-9978},
   DOI = {http://dx.doi.org/10.1016/j.advengsoft.2014.07.005},
   url = {http://www.sciencedirect.com/science/article/pii/S0965997814001161
http://ac.els-cdn.com/S0965997814001161/1-s2.0-S0965997814001161-main.pdf?_tid=cb32412a-c138-11e6-af0c-00000aab0f6c&acdnat=1481636215_149ca1edf208c5a7ea2e8cdfdba83d73},
   year = {2014},
   type = {Journal Article}
}

@article{RN4,
   author = {Kallio, Sanna and Kela, Juha and Korpipää, Panu and Mäntyjärvi, Jani},
   title = {USER INDEPENDENT GESTURE INTERACTION FOR SMALL HANDHELD DEVICES},
   journal = {International Journal of Pattern Recognition and Artificial Intelligence},
   volume = {20},
   number = {04},
   pages = {505-524},
   ISSN = {0218-0014},
   DOI = {10.1142/S0218001406004776},
   url = {http://www.worldscientific.com/doi/abs/10.1142/S0218001406004776},
   year = {2006},
   type = {Journal Article}
}

@article{RN137,
   author = {Kim, Helyn and Carlson, Abby G. and Curby, Timothy W. and Winsler, Adam},
   title = {Relations among motor, social, and cognitive skills in pre-kindergarten children with developmental disabilities},
   journal = {Research in Developmental Disabilities},
   volume = {53-54},
   pages = {43-60},
   ISSN = {0891-4222},
   DOI = {https://doi.org/10.1016/j.ridd.2016.01.016},
   url = {http://www.sciencedirect.com/science/article/pii/S0891422216300166
https://www.sciencedirect.com/science/article/pii/S0891422216300166?via%3Dihub},
   year = {2016},
   type = {Journal Article}
}

@misc{RN181,
   volume = {2018},
   number = {01.04.},
   url = {https://www.kindergesundheit-info.de/themen/entwicklung/frueherkennung-u1-u9-und-j1},
   type = {Web Page}
}

@misc{RN175,
   url = {http://referaat.cs.utwente.nl/conference/25/paper/7568/guidelines-for-choosing-serious-gaming-as-an-instructional-method.pdf},
   year = {2016},
   type = {Conference Paper}
}

@book{RN32,
   author = {Krug, Steve},
   title = { Rocket surgery made easy: The do-it-yourself guide to finding and fixing usability problems.},
   publisher = {Berkeley, CA: New Riders Publishing},
   year = {2010},
   type = {Book}
}

@misc{RN70,
   volume = {2016},
   number = {30.11.},
   url = {https://www.quora.com/Which-one-is-better-Kinect-SoftKinectic-or-Leap-Motion },
   year = {2013},
   type = {Web Page}
}

@article{RN116,
   author = {Kurschl, Werner and Augstein, Mirjam and Burger, Thomas and Pointner, Claudia},
   title = {User modeling for people with special needs},
   journal = {International Journal of Pervasive Computing and Communications},
   volume = {10},
   number = {3},
   pages = {313-336},
   DOI = {doi:10.1108/IJPCC-07-2014-0040},
   url = {http://www.emeraldinsight.com/doi/abs/10.1108/IJPCC-07-2014-0040},
   year = {2014},
   type = {Journal Article}
}

@misc{RN179,
   volume = {2018},
   number = {21.05.},
   month = {17.05.2018},
   url = {https://www.familie-und-tipps.de/Gesundheit/Kinderkrankheiten/U-Untersuchungen/},
   year = {2018},
   type = {Web Page}
}

@article{RN154,
   author = {Laamarti, Fedwa and Eid, Mohamad and El Saddik, Abdulmotaleb},
   title = {An Overview of Serious Games},
   journal = {International Journal of Computer Games Technology},
   volume = {2014},
   pages = {15},
   DOI = {10.1155/2014/358152},
   url = {http://dx.doi.org/10.1155/2014/358152
http://downloads.hindawi.com/journals/ijcgt/2014/358152.pdf},
   year = {2014},
   type = {Journal Article}
}

@article{RN151,
   author = {Lai, M. C. and Lombardo, M. V. and Auyeung, B. and Chakrabarti, B. and Baron-Cohen, S.},
   title = {Sex/gender differences and autism: setting the scene for future research},
   journal = {J Am Acad Child Adolesc Psychiatry},
   volume = {54},
   number = {1},
   pages = {11-24},
   ISSN = {0890-8567},
   DOI = {10.1016/j.jaac.2014.10.003},
   url = {http://www.jaacap.com/article/S0890-8567(14)00725-4/pdf},
   year = {2015},
   type = {Journal Article}
}

@book{RN31,
   author = {Lazar, J., Feng, J.H. and Hochheiser, H.},
   title = {Research Methods in Human-Computer Interaction},
   publisher = {Chichester, United Kingdom: John Wiley & Sons},
   year = {2010},
   type = {Book}
}

@misc{RN15,
   pages = {845-850},
   ISBN = {978-1-60558-934-3},
   DOI= {10.1145/1868914.1869045},
   url = {http://delivery.acm.org/10.1145/1870000/1869045/p845-lenoradi.pdf?ip=129.241.222.226&id=1869045&acc=ACTIVE%20SERVICE&key=CDADA77FFDD8BE08%2E5386D6A7D247483C%2E4D4702B0C3E38B35%2E4D4702B0C3E38B35&CFID=868003576&CFTOKEN=13484782&__acm__=1480014959_b16049b5ee6eac7f2adf978c7f2dc8ef},
   year = {2010},
   type = {Generic}
}

@article{RN177,
   author = {Lewis, Gwyn N. and Rosie, Juliet A.},
   title = {Virtual reality games for movement rehabilitation in neurological conditions: how do we meet the needs and expectations of the users?},
   journal = {Disability and Rehabilitation},
   volume = {34},
   number = {22},
   pages = {1880-1886},
   ISSN = {0963-8288},
   DOI = {10.3109/09638288.2012.670036},
   url = {https://doi.org/10.3109/09638288.2012.670036
https://www.tandfonline.com/doi/pdf/10.3109/09638288.2012.670036?needAccess=true},
   year = {2012},
   type = {Journal Article}
}

@inbook{RN110,
   author = {Liang, Sheau-Farn Max and Lee, Yun-Ju Becker},
   title = {Control with Hand Gestures by Older Users: A Review},
   booktitle = {Human Aspects of IT for the Aged Population. Design for Aging: Second International Conference, ITAP 2016, Held as Part of HCI International 2016, Toronto, ON, Canada, July 17–22, 2016, Proceedings, Part I},
   editor = {Zhou, Jia and Salvendy, Gavriel},
   publisher = {Springer International Publishing},
   address = {Cham},
   pages = {350-359},
   ISBN = {978-3-319-39943-0},
   DOI = {10.1007/978-3-319-39943-0_34},
   url = {http://dx.doi.org/10.1007/978-3-319-39943-0_34
http://download.springer.com/static/pdf/315/chp%253A10.1007%252F978-3-319-39943-0_34.pdf?originUrl=http%3A%2F%2Flink.springer.com%2Fchapter%2F10.1007%2F978-3-319-39943-0_34&token2=exp=1494438965~acl=%2Fstatic%2Fpdf%2F315%2Fchp%25253A10.1007%25252F978-3-319-39943-0_34.pdf%3ForiginUrl%3Dhttp%253A%252F%252Flink.springer.com%252Fchapter%252F10.1007%252F978-3-319-39943-0_34*~hmac=bc7a96d5326b2046bc19b3dffa0ff90df5e6c73aa5e6b72c84e7a15ed0a221d1},
   year = {2016},
   type = {Book Section}
}

@article{RN143,
   author = {Lloyd, Meghann and MacDonald, Megan and Lord, Catherine},
   title = {Motor Skills of Toddlers with Autism Spectrum Disorders},
   journal = {Autism : the international journal of research and practice},
   volume = {17},
   number = {2},
   pages = {133-146},
   ISSN = {1362-3613
1461-7005},
   DOI = {10.1177/1362361311402230},
   url = {http://www.ncbi.nlm.nih.gov/pmc/articles/PMC3188325/
https://www.ncbi.nlm.nih.gov/pmc/articles/PMC3188325/pdf/nihms-300404.pdf},
   year = {2013},
   type = {Journal Article}
}

@inbook{RN99,
   author = {Loehmann, Sebastian and Knobel, Martin and Lamara, Melanie and Butz, Andreas},
   title = {Culturally Independent Gestures for In-Car Interactions},
   booktitle = {Human-Computer Interaction – INTERACT 2013: 14th IFIP TC 13 International Conference, Cape Town, South Africa, September 2-6, 2013, Proceedings, Part III},
   editor = {Kotzé, Paula and Marsden, Gary and Lindgaard, Gitte and Wesson, Janet and Winckler, Marco},
   publisher = {Springer Berlin Heidelberg},
   address = {Berlin, Heidelberg},
   pages = {538-545},
   ISBN = {978-3-642-40477-1},
   DOI = {10.1007/978-3-642-40477-1_34},
   url = {http://dx.doi.org/10.1007/978-3-642-40477-1_34
http://download.springer.com/static/pdf/531/chp%253A10.1007%252F978-3-642-40477-1_34.pdf?originUrl=http%3A%2F%2Flink.springer.com%2Fchapter%2F10.1007%2F978-3-642-40477-1_34&token2=exp=1494258447~acl=%2Fstatic%2Fpdf%2F531%2Fchp%25253A10.1007%25252F978-3-642-40477-1_34.pdf%3ForiginUrl%3Dhttp%253A%252F%252Flink.springer.com%252Fchapter%252F10.1007%252F978-3-642-40477-1_34*~hmac=9890b2feb43be4ee9a09b1e4902ebc71f9fff96a8dccf3f1fe546037ba4087f1},
   year = {2013},
   type = {Book Section}
}

@article{RN74,
   author = {Lu, Wei and Tong, Zheng and Chu, Jinghui},
   title = {Dynamic Hand Gesture Recognition With Leap Motion Controller},
   journal = {Signal Processing Letters, IEEE},
   volume = {23},
   number = {9},
   pages = {1188-1192},
   ISSN = {1070-9908},
   DOI = {10.1109/LSP.2016.2590470},
   url = {http://ieeexplore.ieee.org/ielx7/97/7515258/07509645.pdf?tp=&arnumber=7509645&isnumber=7515258},
   year = {2016},
   type = {Journal Article}
}

@article{RN98,
   author = {Lv, Zhihan and Halawani, Alaa and Feng, Shengzhong and ur Réhman, Shafiq and Li, Haibo},
   title = {Touch-less interactive augmented reality game on vision-based wearable device},
   journal = {Personal and Ubiquitous Computing},
   volume = {19},
   number = {3},
   pages = {551-567},
   ISSN = {1617-4917},
   DOI = {10.1007/s00779-015-0844-1},
   url = {http://dx.doi.org/10.1007/s00779-015-0844-1
http://download.springer.com/static/pdf/495/art%253A10.1007%252Fs00779-015-0844-1.pdf?originUrl=http%3A%2F%2Flink.springer.com%2Farticle%2F10.1007%2Fs00779-015-0844-1&token2=exp=1494258320~acl=%2Fstatic%2Fpdf%2F495%2Fart%25253A10.1007%25252Fs00779-015-0844-1.pdf%3ForiginUrl%3Dhttp%253A%252F%252Flink.springer.com%252Farticle%252F10.1007%252Fs00779-015-0844-1*~hmac=3ad903ad4489528bb5ce9fb26127f4b482dd0bf45cd821a99f11f3ffeb600fc1},
   year = {2015},
   type = {Journal Article}
}

@article{RN6,
   author = {M.S.Sahane and H.D.Salve},
   title = {Visual Interpretation Of Hand Gestures For Human Computer Interaction},
   journal = {International Journal of Engineering Research and Applications},
   volume = {4},
   number = {1},
   pages = {315-317},
   ISSN = {2248-9622},
   year = {2014},
   type = {Journal Article}
}

@misc{RN180,
   volume = {2018},
   number = {01.04.2018},
   url = {http://entwicklungsdiagnostik.de/motoriktests.html},
   year = {2010},
   type = {Web Page}
}

@article{RN18,
   author = {Malizia, Alessio and Bellucci, Andrea},
   title = {The artificiality of natural user interfaces},
   journal = {Communications of the ACM},
   volume = {55},
   number = {3},
   pages = {36-38},
   ISSN = {0001-0782},
   DOI = {10.1145/2093548.2093563},
   url = {http://delivery.acm.org/10.1145/2100000/2093563/p36-malizia.pdf?ip=129.241.164.134&id=2093563&acc=ACTIVE%20SERVICE&key=CDADA77FFDD8BE08%2E5386D6A7D247483C%2E4D4702B0C3E38B35%2E4D4702B0C3E38B35&CFID=703267124&CFTOKEN=57549867&__acm__=1481545579_9eb433611a2fcf522ceaca496e7556d3},
   year = {2012},
   type = {Journal Article}
}

@article{RN73,
   author = {Margot Brereton, Nicola Bidwell, Jared Donovan, Brett Campbell, Jacob Buur},
   title = {Work at hand: an exploration of gesture in the context of work and everyday life to inform the design of gestural input devices},
   journal = {In Biddle, Robert & Thomas, Bruce (Eds.) Australian User Interface Conference, Conferences in Research and Practice in Information Technology, 4 - 7 February 2003, Adelaide, South Australia},
   url = {http://crpit.com/confpapers/CRPITV18Brereton.pdf},
   year = {2003},
   type = {Journal Article}
}

@article{RN149,
   author = {McCleery, Joseph P. and Elliott, Natasha A. and Sampanis, Dimitrios S. and Stefanidou, Chrysi A.},
   title = {Motor development and motor resonance difficulties in autism: relevance to early intervention for language and communication skills},
   journal = {Frontiers in Integrative Neuroscience},
   volume = {7},
   pages = {30},
   ISSN = {1662-5145},
   DOI = {10.3389/fnint.2013.00030},
   url = {http://www.ncbi.nlm.nih.gov/pmc/articles/PMC3634796/
https://www.ncbi.nlm.nih.gov/pmc/articles/PMC3634796/pdf/fnint-07-00030.pdf},
   year = {2013},
   type = {Journal Article}
}

@book{RN28,
   author = {McNeill, David},
   title = {Gesture and Thought},
   publisher = {The University of Chicago Press},
   address = {Chicago},
   ISBN = {0-226-51462-5},
   year = {2005},
   type = {Book}
}

@book{RN60,
   author = {McNeill, David and Levy, Elena},
   title = {Conceptual Representations in Language Activity and Gesture},
   publisher = {Wiley},
   url = {https://www.researchgate.net/publication/277721250_Conceptual_Representations_in_Language_Activity_and_Gesture},
   year = {1982},
   type = {Book}
}

@misc{RN68,
   volume = {2016},
   number = {30.11.},
   url = {http://www.medgadget.com/2014/09/adora-advanced-doctors-operational-research-assistant-helps-navigate-radiological-images-hands-free.html  },
   year = {2014},
   type = {Web Page}
}

@article{RN172,
   author = {Mendes, Felipe Augusto dos Santos and Pompeu, José Eduardo and Lobo, Alexandra Modenesi and da Silva, Keyte Guedes and Oliveira, Tatiana de Paula and Zomignani, Andrea Peterson and Piemonte, Maria Elisa Pimentel},
   title = {Motor learning, retention and transfer after virtual-reality-based training in Parkinson's disease – effect of motor and cognitive demands of games: a longitudinal, controlled clinical study},
   journal = {Physiotherapy},
   volume = {98},
   number = {3},
   pages = {217-223},
   ISSN = {0031-9406},
   DOI = {https://doi.org/10.1016/j.physio.2012.06.001},
   url = {http://www.sciencedirect.com/science/article/pii/S003194061200051X
https://www.sciencedirect.com/science/article/pii/S003194061200051X?via%3Dihub},
   year = {2012},
   type = {Journal Article}
}

@article{RN136,
   author = {Meyer, Anneke and Sagvolden, Terje},
   title = {Fine motor skills in South African children with symptoms of ADHD: influence of subtype, gender, age, and hand dominance},
   journal = {Behavioral and Brain Functions},
   volume = {2},
   number = {1},
   pages = {33},
   ISSN = {1744-9081},
   DOI = {10.1186/1744-9081-2-33},
   url = {https://doi.org/10.1186/1744-9081-2-33
https://behavioralandbrainfunctions.biomedcentral.com/track/pdf/10.1186/1744-9081-2-33?site=behavioralandbrainfunctions.biomedcentral.com},
   year = {2006},
   type = {Journal Article}
}

@misc{RN66,
   volume = {2016},
   number = {30.11.},
   url = {http://www.xbox.com/nb-NO/xbox-one/accessories/kinect },
   year = {2016},
   type = {Web Page}
}

@misc{RN101,
   pages = {1-1},
   DOI= {10.1145/1667146.1667160},
   url = {http://dl.acm.org/citation.cfm?doid=1667146.1667160},
   year = {2009},
   type = {Conference Paper}
}

@misc{RN100,
   pages = {4111-4116},
   DOI= {10.1145/1520340.1520626},
   url = {http://dl.acm.org/citation.cfm?doid=1520340.1520626},
   year = {2009},
   type = {Conference Paper}
}

@article{RN26,
   author = {Mitra, S. and Acharya, T.},
   title = {Gesture Recognition: A Survey},
   journal = {Systems, Man, and Cybernetics, Part C: Applications and Reviews, IEEE Transactions on},
   volume = {37},
   number = {3},
   pages = {311-324},
   ISSN = {1094-6977},
   DOI = {10.1109/TSMCC.2007.893280},
   url = {http://ieeexplore.ieee.org/ielx5/5326/4154935/04154947.pdf?tp=&arnumber=4154947&isnumber=4154935},
   year = {2007},
   type = {Journal Article}
}

@misc{RN9,
   pages = {275-278},
   ISBN = {9781605588353},
   DOI= {10.1145/1851600.1851647},
   url = {http://delivery.acm.org/10.1145/1860000/1851647/p275-montero.pdf?ip=129.241.223.101&id=1851647&acc=ACTIVE%20SERVICE&key=CDADA77FFDD8BE08%2E5386D6A7D247483C%2E4D4702B0C3E38B35%2E4D4702B0C3E38B35&CFID=868003576&CFTOKEN=13484782&__acm__=1479834722_dce62079d52d11eb02bf718b82d92c55},
   year = {2010},
   type = {Generic}
}

@article{RN122,
   author = {Newell, A.F. and Gregor, P.},
   title = {Design for older and disabled people – where do we go from here?},
   journal = {Universal Access in the Information Society},
   volume = {2},
   number = {1},
   pages = {3-7},
   ISSN = {1615-5289},
   DOI = {10.1007/s10209-002-0031-9},
   url = {https://doi.org/10.1007/s10209-002-0031-9
https://link.springer.com/content/pdf/10.1007%2Fs10209-002-0031-9.pdf},
   year = {2002},
   type = {Journal Article}
}

@article{RN121,
   author = {Newell, A. F. and Gregor, P. and Morgan, M. and Pullin, G. and Macaulay, C.},
   title = {User-Sensitive Inclusive Design},
   journal = {Universal Access in the Information Society},
   volume = {10},
   number = {3},
   pages = {235-243},
   ISSN = {1615-5297},
   DOI = {10.1007/s10209-010-0203-y},
   url = {https://doi.org/10.1007/s10209-010-0203-y
https://link.springer.com/content/pdf/10.1007%2Fs10209-010-0203-y.pdf},
   year = {2011},
   type = {Journal Article}
}

@article{RN8,
   author = {Ni, Tao and Bowman, Doug A. and North, Chris and McMahan, Ryan P.},
   title = {Design and evaluation of freehand menu selection interfaces using tilt and pinch gestures},
   journal = {International Journal of Human - Computer Studies},
   volume = {69},
   number = {9},
   pages = {551-562},
   ISSN = {1071-5819},
   DOI = {10.1016/j.ijhcs.2011.05.001},
   url = {http://ac.els-cdn.com/S107158191100053X/1-s2.0-S107158191100053X-main.pdf?_tid=49579868-b0cf-11e6-a5f4-00000aacb35f&acdnat=1479831681_54047d92c36c7608db0f3a0a56c66201},
   year = {2011},
   type = {Journal Article}
}

@misc{RN183,
   volume = {2018},
   number = {01.05.},
   url = {https://www.nngroup.com/articles/when-to-outsource-recruiting-test-users/},
   year = {1998},
   type = {Web Page}
}

@misc{RN34,
   volume = {2016},
   number = {14.12.},
   url = {https://www.nngroup.com/articles/quantitative-studies-how-many-users/},
   year = {2006},
   type = {Web Page}
}

@article{RN77,
   author = {Nielsen, Jakob},
   title = {Kinect Gestural UI: First Impressions},
   url = {https://www.nngroup.com/articles/kinect-gestural-ui-first-impressions/},
   year = {2010},
   type = {Journal Article}
}

@misc{RN33,
   volume = {2016},
   number = {14.12.},
   url = {https://www.nngroup.com/articles/how-many-test-users/},
   year = {2012},
   type = {Web Page}
}

@misc{RN166,
   volume = {2018},
   number = {12/05/2018},
   url = {https://www.nngroup.com/articles/how-many-test-users/},
   year = {2012},
   type = {Web Page}
}

@inbook{RN103,
   author = {Nielsen, Michael and Störring, Moritz and Moeslund, Thomas B. and Granum, Erik},
   title = {A Procedure for Developing Intuitive and Ergonomic Gesture Interfaces for HCI},
   booktitle = {Gesture-Based Communication in Human-Computer Interaction: 5th International Gesture Workshop, GW 2003, Genova, Italy, April 15-17, 2003, Selected Revised Papers},
   editor = {Camurri, Antonio and Volpe, Gualtiero},
   publisher = {Springer Berlin Heidelberg},
   address = {Berlin, Heidelberg},
   pages = {409-420},
   ISBN = {978-3-540-24598-8},
   DOI = {10.1007/978-3-540-24598-8_38},
   url = {http://dx.doi.org/10.1007/978-3-540-24598-8_38
http://download.springer.com/static/pdf/353/chp%253A10.1007%252F978-3-540-24598-8_38.pdf?originUrl=http%3A%2F%2Flink.springer.com%2Fchapter%2F10.1007%2F978-3-540-24598-8_38&token2=exp=1494258810~acl=%2Fstatic%2Fpdf%2F353%2Fchp%25253A10.1007%25252F978-3-540-24598-8_38.pdf%3ForiginUrl%3Dhttp%253A%252F%252Flink.springer.com%252Fchapter%252F10.1007%252F978-3-540-24598-8_38*~hmac=151e1df506861d1c482815781f75738ae44c6a19761540062d570834eb6503d4},
   year = {2004},
   type = {Book Section}
}

@misc{RN115,
   number = {17.05.2017},
   url = {https://www.smashingmagazine.com/2013/03/sci-fi-interaction-designers-gestural-interfaces/},
   year = {2013},
   type = {Web Page}
}

@book{RN76,
   author = {Norman, Don},
   title = {The Design of Everyday Things},
   publisher = {Basic Books},
   address = {New York},
   ISBN = {0-465-06710-7},
   year = {2002},
   type = {Book}
}

@article{RN19,
   author = {Norman, Donald},
   title = {Natural user interfaces are not natural},
   journal = {interactions},
   volume = {17},
   number = {3},
   pages = {6-10},
   ISSN = {1072-5520},
   DOI = {10.1145/1744161.1744163},
   url = {http://delivery.acm.org/10.1145/1750000/1744163/p6-norman.pdf?ip=129.241.164.134&id=1744163&acc=ACTIVE%20SERVICE&key=CDADA77FFDD8BE08%2E5386D6A7D247483C%2E4D4702B0C3E38B35%2E4D4702B0C3E38B35&CFID=703267124&CFTOKEN=57549867&__acm__=1481545596_ef32fc71076366c50cc3a91340598ea4},
   year = {2010},
   type = {Journal Article}
}

@article{RN13,
   author = {Norman, Donald A. and Nielsen, Jakob},
   title = {Gestural interfaces: A step backward in usability},
   journal = {Interactions},
   volume = {17},
   number = {5},
   pages = {46-49},
   ISSN = {10725520},
   DOI = {10.1145/1836216.1836228},
   url = {http://delivery.acm.org/10.1145/1840000/1836228/p46-norman.pdf?ip=129.241.222.226&id=1836228&acc=ACTIVE%20SERVICE&key=CDADA77FFDD8BE08%2E5386D6A7D247483C%2E4D4702B0C3E38B35%2E4D4702B0C3E38B35&CFID=868003576&CFTOKEN=13484782&__acm__=1480008778_23b983bd6ce09112b9801153b623ca4f},
   year = {2010},
   type = {Journal Article}
}

@article{RN17,
   author = {O’Neill, Eamonn and Kaenampornpan, Manasawee and Kostakos, Vassilis and Warr, Andrew and Woodgate, Dawn},
   title = {Can we do without GUIs? Gesture and speech interaction with a patient information system},
   journal = {Personal and Ubiquitous Computing},
   volume = {10},
   number = {5},
   pages = {269-283},
   ISSN = {1617-4909},
   DOI = {10.1007/s00779-005-0048-1},
   url = {http://download.springer.com/static/pdf/260/art%253A10.1007%252Fs00779-005-0048-1.pdf?originUrl=http%3A%2F%2Flink.springer.com%2Farticle%2F10.1007%2Fs00779-005-0048-1&token2=exp=1480018983~acl=%2Fstatic%2Fpdf%2F260%2Fart%25253A10.1007%25252Fs00779-005-0048-1.pdf%3ForiginUrl%3Dhttp%253A%252F%252Flink.springer.com%252Farticle%252F10.1007%252Fs00779-005-0048-1*~hmac=b4632e63d7126d32f69f0fa539555e9f85a5589ee16ef4d5626df5808882b3e8},
   year = {2006},
   type = {Journal Article}
}

@book{RN30,
   author = {Oates, Briony J.},
   title = {Researching Information Systems and Computing},
   publisher = {SAGE Publications Ltd.},
   edition = {1 Edition},
   year = {2006},
   type = {Book}
}

@misc{RN113,
   volume = {2017},
   number = {17.05.},
   url = {https://www.slideshare.net/NirmalaPadmavat/hand-gesture-of-differents-cultures},
   year = {2013},
   type = {Web Page}
}

@article{RN168,
   author = {Paraskevopoulos, Ioannis Theoklitos and Tsekleves, Emmanuel and Craig, Cathy and Whyatt, Caroline and Cosmas, John},
   title = {Design guidelines for developing customised serious games for Parkinson’s Disease rehabilitation using bespoke game sensors},
   journal = {Entertainment Computing},
   volume = {5},
   number = {4},
   pages = {413-424},
   ISSN = {1875-9521},
   DOI = {https://doi.org/10.1016/j.entcom.2014.10.006},
   url = {http://www.sciencedirect.com/science/article/pii/S187595211400041X
https://www.sciencedirect.com/science/article/pii/S187595211400041X?via%3Dihub},
   year = {2014},
   type = {Journal Article}
}

@inproceedings{RN148,
   author = {Park, A-Youn and Lee, Seong-Whan},
   title = {Gesture Spotting in Continuous Whole Body Action Sequences Using Discrete Hidden Markov Models},
   series = {Gesture in Human-Computer Interaction and Simulation},
   publisher = {Springer Berlin Heidelberg},
   pages = {100-111},
   ISBN = {978-3-540-32625-0},
   type = {Conference Proceedings}
}

@article{RN5,
   author = {Park, Wonkyu and Han, Sung H.},
   title = {Intuitive Multi-Touch Gestures for Mobile Web Browsers},
   journal = {Interacting with Computers},
   volume = {25},
   number = {5},
   pages = {335-350},
   ISSN = {0953-5438},
   DOI = {10.1093/iwc/iws026},
   url = {http://iwc.oxfordjournals.org/content/25/5/335.full.pdf},
   year = {2013},
   type = {Journal Article}
}

@article{RN1,
   author = {Park, Wonkyu and Han, Sung H.},
   title = {An Analytical Approach to Creating Multitouch Gesture Vocabularies in Mobile Devices: A Case Study for Mobile Web Browsing Gestures},
   journal = {International Journal of Human-Computer Interaction},
   volume = {30},
   number = {2},
   pages = {126-141},
   ISSN = {1044-7318},
   DOI = {10.1080/10447318.2013.839902},
   year = {2014},
   type = {Journal Article}
}

@article{RN37,
   author = {Pavlovic, V. I. and Sharma, R. and Huang, T. S.},
   title = {Visual interpretation of hand gestures for human-computer interaction: a review},
   journal = {Pattern Analysis and Machine Intelligence, IEEE Transactions on},
   volume = {19},
   number = {7},
   pages = {677-695},
   ISSN = {0162-8828},
   DOI = {10.1109/34.598226},
   url = {http://ieeexplore.ieee.org/ielx1/34/13123/00598226.pdf?tp=&arnumber=598226&isnumber=13123},
   year = {1997},
   type = {Journal Article}
}

@article{RN118,
   author = {Persson, Hans and Åhman, Henrik and Yngling, Alexander Arvei and Gulliksen, Jan},
   title = {Universal design, inclusive design, accessible design, design for all: different concepts—one goal? On the concept of accessibility—historical, methodological and philosophical aspects},
   journal = {Universal Access in the Information Society},
   volume = {14},
   number = {4},
   pages = {505-526},
   ISSN = {1615-5297},
   DOI = {10.1007/s10209-014-0358-z},
   url = {http://dx.doi.org/10.1007/s10209-014-0358-z
http://download.springer.com/static/pdf/819/art%253A10.1007%252Fs10209-014-0358-z.pdf?originUrl=http%3A%2F%2Flink.springer.com%2Farticle%2F10.1007%2Fs10209-014-0358-z&token2=exp=1495290403~acl=%2Fstatic%2Fpdf%2F819%2Fart%25253A10.1007%25252Fs10209-014-0358-z.pdf%3ForiginUrl%3Dhttp%253A%252F%252Flink.springer.com%252Farticle%252F10.1007%252Fs10209-014-0358-z*~hmac=9bd998f43836f9c0a090bc3052c7cf38a9fc8850a99bec5ff8b5ec6347cf07c3},
   year = {2015},
   type = {Journal Article}
}

@inbook{RN104,
   author = {Pirhonen, Antti},
   title = {Gestures in Human-Computer Interaction – Just Another Modality?},
   booktitle = {Gesture in Embodied Communication and Human-Computer Interaction: 8th International Gesture Workshop, GW 2009, Bielefeld, Germany, February 25-27, 2009, Revised Selected Papers},
   editor = {Kopp, Stefan and Wachsmuth, Ipke},
   publisher = {Springer Berlin Heidelberg},
   address = {Berlin, Heidelberg},
   pages = {281-288},
   ISBN = {978-3-642-12553-9},
   DOI = {10.1007/978-3-642-12553-9_25},
   url = {http://dx.doi.org/10.1007/978-3-642-12553-9_25
http://download.springer.com/static/pdf/843/chp%253A10.1007%252F978-3-642-12553-9_25.pdf?originUrl=http%3A%2F%2Flink.springer.com%2Fchapter%2F10.1007%2F978-3-642-12553-9_25&token2=exp=1494259046~acl=%2Fstatic%2Fpdf%2F843%2Fchp%25253A10.1007%25252F978-3-642-12553-9_25.pdf%3ForiginUrl%3Dhttp%253A%252F%252Flink.springer.com%252Fchapter%252F10.1007%252F978-3-642-12553-9_25*~hmac=44a075c6fa8f7a87adeb5183206527c644f1c486f836598549fc6f3a3dabe513},
   year = {2010},
   type = {Book Section}
}

@article{RN157,
   author = {Polzer, Nina and Gewald, Heiko},
   title = {A Structured Analysis of Smartphone Applications to Early Diagnose Alzheimer´s Disease or Dementia},
   journal = {Procedia Computer Science},
   volume = {113},
   pages = {448-453},
   ISSN = {1877-0509},
   DOI = {https://doi.org/10.1016/j.procs.2017.08.293},
   url = {http://www.sciencedirect.com/science/article/pii/S1877050917317027
https://www.sciencedirect.com/science/article/pii/S1877050917317027?via%3Dihub},
   year = {2017},
   type = {Journal Article}
}

@inbook{RN140,
   author = {Porac, Clare and Coren, Stanley},
   title = {Sensorimotor Coordination},
   booktitle = {Lateral Preferences and Human Behavior},
   publisher = {Springer New York},
   address = {New York, NY},
   pages = {176-191},
   ISBN = {978-1-4613-8139-6},
   DOI = {10.1007/978-1-4613-8139-6_11},
   url = {https://doi.org/10.1007/978-1-4613-8139-6_11
https://link.springer.com/content/pdf/10.1007%2F978-1-4613-8139-6_11.pdf},
   year = {1981},
   type = {Book Section}
}

@inproceedings{RN126,
   author = {Rahman, Md. Abdur and Hossain, M. Shamim},
   title = {A Gesture-Based Smart Home-Oriented Health Monitoring Service for People with Physical Impairments},
   series = {Inclusive Smart Cities and Digital Health},
   publisher = {Springer International Publishing},
   pages = {464-476},
   ISBN = {978-3-319-39601-9},
   type = {Conference Proceedings}
}

@misc{RN174,
   pages = {43-46},
   DOI= {10.1145/2382176.2382186},
   url = {http://delivery.acm.org/10.1145/2390000/2382186/p43-palacio.pdf?ip=129.241.222.19&id=2382186&acc=ACTIVE%20SERVICE&key=CDADA77FFDD8BE08%2E5386D6A7D247483C%2E4D4702B0C3E38B35%2E4D4702B0C3E38B35&__acm__=1526843600_613f1a604359c57cc34ad492430e9e0a},
   year = {2012},
   type = {Conference Paper}
}

@article{RN109,
   author = {Ren, G. and Li, C. and Neill, E. O' and Willis, P.},
   title = {3D Freehand Gestural Navigation for Interactive Public Displays},
   journal = {IEEE Computer Graphics and Applications},
   volume = {33},
   number = {2},
   pages = {47-55},
   ISSN = {0272-1716},
   DOI = {10.1109/MCG.2013.15},
   url = {http://ieeexplore.ieee.org/ielx5/38/6482527/06409852.pdf?tp=&arnumber=6409852&isnumber=6482527},
   year = {2013},
   type = {Journal Article}
}

@article{RN23,
   author = {Ren, Gang and O'Neill, Eamonn},
   title = {3D selection with freehand gesture},
   journal = {Computers & Graphics},
   volume = {37},
   number = {3},
   pages = {101-120},
   ISSN = {0097-8493},
   DOI = {http://dx.doi.org/10.1016/j.cag.2012.12.006},
   url = {http://www.sciencedirect.com/science/article/pii/S0097849312001823
http://ac.els-cdn.com/S0097849312001823/1-s2.0-S0097849312001823-main.pdf?_tid=b77feb60-c137-11e6-820a-00000aacb362&acdnat=1481635752_cff674f2b441c83030b0b38ca8d6f5ea},
   year = {2013},
   type = {Journal Article}
}

@misc{RN112,
   volume = {2017},
   number = {17.05.},
   url = {https://www.niehs.nih.gov/research/resources/bioethics/whatis/},
   year = {2015},
   type = {Web Page}
}

@article{RN2,
   author = {Riener, A.},
   title = {Gestural Interaction in Vehicular Applications},
   journal = {Computer},
   volume = {45},
   number = {4},
   pages = {42-47},
   ISSN = {0018-9162},
   DOI = {10.1109/MC.2012.108},
   url = {http://ieeexplore.ieee.org/ielx5/2/6178112/06165247.pdf?tp=&arnumber=6165247&isnumber=6178112},
   year = {2012},
   type = {Journal Article}
}

@book{RN35,
   author = {Rubin, Jeffrey and Chisnell, Dana},
   title = {Handbook of Usability Testing: How  to Plan, Design, and Conduct Effective Tests},
   publisher = {Wiley, John & Sons},
   address = {Indianapolis, IN},
   edition = {2},
   year = {2008},
   type = {Book}
}

@article{RN139,
   author = {Saavedra, Sandra and Joshi, Aditi and Woollacott, Marjorie and van Donkelaar, Paul},
   title = {Eye hand coordination in children with cerebral palsy},
   journal = {Experimental Brain Research},
   volume = {192},
   number = {2},
   pages = {155-165},
   ISSN = {1432-1106},
   DOI = {10.1007/s00221-008-1549-8},
   url = {https://doi.org/10.1007/s00221-008-1549-8
https://link.springer.com/content/pdf/10.1007%2Fs00221-008-1549-8.pdf},
   year = {2009},
   type = {Journal Article}
}

@article{RN141,
   author = {Saavedra, Sandy and Woollacott, Marjorie and van Donkelaar, Paul},
   title = {Effects of postural support on eye hand interactions across development},
   journal = {Experimental Brain Research},
   volume = {180},
   number = {3},
   pages = {557-567},
   ISSN = {1432-1106},
   DOI = {10.1007/s00221-007-0874-7},
   url = {https://doi.org/10.1007/s00221-007-0874-7
https://link.springer.com/content/pdf/10.1007%2Fs00221-007-0874-7.pdf},
   year = {2007},
   type = {Journal Article}
}

@book{RN59,
   author = {Saffer, Dan},
   title = {Designing Gestural interfaces: Touchscreens and interactive devices},
   publisher = {United States: O’Reilly Media, Inc, USA},
   year = {2008},
   type = {Book}
}

@misc{RN182,
   volume = {2018},
   number = {01.05.},
   url = {https://www.nngroup.com/articles/pilot-testing/},
   year = {2015},
   type = {Web Page}
}

@misc{RN67,
   volume = {2016},
   number = {30.11.},
   url = {http://kodierer.blogspot.no/search/label/kinect },
   year = {2013},
   type = {Web Page}
}

@book{RN117,
   author = {Shneiderman, B.; Plaisant, C.},
   title = {Designing the user interface: Strategies for effective human-computer interaction},
   publisher = {Boston: Pearson/Addison Wesley, 2004. Print.},
   edition = {4th},
   year = {2004},
   type = {Book}
}

@article{RN21,
   author = {Sibert, John and Buffa, Michael G. and Crane, Hewitt D. and Doster, Wolfgang and Rhyne, James and Ward, Jean Renaerd},
   title = {Issues limiting the acceptance of user interfaces using gesture input and handwriting character recognition (panel)},
   journal = {ACM SIGCHI Bulletin},
   volume = {17},
   number = {SI},
   pages = {155-158},
   ISSN = {07366906},
   DOI = {10.1145/30851.30876},
   url = {http://delivery.acm.org/10.1145/40000/30876/p155-sibert.pdf?ip=129.241.164.167&id=30876&acc=ACTIVE%20SERVICE&key=CDADA77FFDD8BE08%2E5386D6A7D247483C%2E4D4702B0C3E38B35%2E4D4702B0C3E38B35&CFID=703267124&CFTOKEN=57549867&__acm__=1481634554_2e19457ea6527cca4d8c99e441ae6f7b},
   year = {1986},
   type = {Journal Article}
}

@article{RN16,
   author = {Siek, Ka and Rogers, Y. and Connelly, Kh},
   title = {Fat finger worries: How older and younger users physically interact with PDAs},
   journal = {Human-Computer Interaction - Interact 2005, Proceedings},
   volume = {3585},
   pages = {267-280},
   ISSN = {0302-9743},
   year = {2005},
   type = {Journal Article}
}

@article{RN130,
   author = {Sigmundsson, H.},
   title = {Perceptual Deficits in Clumsy Children: Inter- and Intra-Modal Matching Approach—A Window into Clumsy Behavior},
   journal = {Neural Plasticity},
   volume = {10},
   number = {1-2},
   pages = {27-38},
   ISSN = {2090-5904
1687-5443},
   DOI = {10.1155/NP.2003.27},
   url = {http://www.ncbi.nlm.nih.gov/pmc/articles/PMC2565413/
https://www.ncbi.nlm.nih.gov/pmc/articles/PMC2565413/pdf/NP-10-027.pdf},
   year = {2003},
   type = {Journal Article}
}

@inbook{RN132,
   author = {Sigmundsson, H.},
   title = {Disorders of motor development (clumsy child syndrome)},
   booktitle = {Neurodevelopmental Disorders},
   editor = {Fleischhacker, W. W. and Brooks, D. J.},
   publisher = {Springer Vienna},
   address = {Vienna},
   pages = {51-68},
   ISBN = {978-3-211-31222-3},
   DOI = {10.1007/3-211-31222-6_4},
   url = {https://doi.org/10.1007/3-211-31222-6_4
https://link.springer.com/content/pdf/10.1007%2F3-211-31222-6_4.pdf},
   year = {2005},
   type = {Book Section}
}

@article{RN129,
   author = {Sigmundsson, H. and Ingvaldsen, R. P. and Whiting, H. T.},
   title = {Inter- and intrasensory modality matching in children with hand-eye coordination problems: exploring the developmental lag hypothesis},
   journal = {Dev Med Child Neurol},
   volume = {39},
   number = {12},
   pages = {790-6},
   ISSN = {0012-1622 (Print)
0012-1622},
   year = {1997},
   type = {Journal Article}
}

@article{RN128,
   author = {Sigmundsson, H. and Ingvaldsen, R. P. and Whiting, H. T. A.},
   title = {Inter- and intra-sensory modality matching in children with hand-eye co-ordination problems},
   journal = {Experimental Brain Research},
   volume = {114},
   number = {3},
   pages = {492-499},
   ISSN = {1432-1106},
   DOI = {10.1007/pl00005658},
   url = {https://doi.org/10.1007/PL00005658
https://link.springer.com/content/pdf/10.1007%2FPL00005658.pdf},
   year = {1997},
   type = {Journal Article}
}

@article{RN131,
   author = {Sigmundsson, H. and Whiting, H. T. A.},
   title = {Hand Preference in Children with Developmental Coordination Disorders: Cause and Effect?},
   journal = {Brain and Cognition},
   volume = {49},
   number = {1},
   pages = {45-53},
   ISSN = {0278-2626},
   DOI = {https://doi.org/10.1006/brcg.2001.1482},
   url = {http://www.sciencedirect.com/science/article/pii/S0278262601914824
https://www.sciencedirect.com/science/article/pii/S0278262601914824?via%3Dihub},
   year = {2002},
   type = {Journal Article}
}

@article{RN12,
   author = {Smeragliuolo, Anna H. and Hill, N. Jeremy and Disla, Luis and Putrino, David},
   title = {Validation of the Leap Motion Controller using markered motion capture technology},
   journal = {Journal of Biomechanics},
   volume = {49},
   number = {9},
   pages = {1742-1750},
   ISSN = {0021-9290},
   DOI = {10.1016/j.jbiomech.2016.04.006},
   url = {http://ac.els-cdn.com/S0021929016304407/1-s2.0-S0021929016304407-main.pdf?_tid=c0b6375a-b266-11e6-858d-00000aacb362&acdnat=1480006687_5deee6e917822c89b0fa649b71e11ab1},
   year = {2016},
   type = {Journal Article}
}

@article{RN171,
   author = {Su, Kuei-Jung and Hwang, Wen-Juh and Wu, Ching-yi and Fang, Jing-Jing and Leong, Iat-Fai and Ma, Hui-Ing},
   title = {Increasing speed to improve arm movement and standing postural control in Parkinson's disease patients when catching virtual moving balls},
   journal = {Gait & Posture},
   volume = {39},
   number = {1},
   pages = {65-69},
   ISSN = {0966-6362},
   DOI = {https://doi.org/10.1016/j.gaitpost.2013.05.029},
   url = {http://www.sciencedirect.com/science/article/pii/S0966636213002634
https://www.sciencedirect.com/science/article/pii/S0966636213002634?via%3Dihub},
   year = {2014},
   type = {Journal Article}
}

@inbook{RN111,
   author = {Teimourikia, Mahsa and Saidinejad, Hassan and Comai, Sara and Salice, Fabio},
   title = {Personalized Hand Pose and Gesture Recognition System for the Elderly},
   booktitle = {Universal Access in Human-Computer Interaction. Aging and Assistive Environments: 8th International Conference, UAHCI 2014, Held as Part of HCI International 2014, Heraklion, Crete, Greece, June 22-27, 2014, Proceedings, Part III},
   editor = {Stephanidis, Constantine and Antona, Margherita},
   publisher = {Springer International Publishing},
   address = {Cham},
   pages = {191-202},
   ISBN = {978-3-319-07446-7},
   DOI = {10.1007/978-3-319-07446-7_19},
   url = {http://dx.doi.org/10.1007/978-3-319-07446-7_19
http://download.springer.com/static/pdf/832/chp%253A10.1007%252F978-3-319-07446-7_19.pdf?originUrl=http%3A%2F%2Flink.springer.com%2Fchapter%2F10.1007%2F978-3-319-07446-7_19&token2=exp=1494530523~acl=%2Fstatic%2Fpdf%2F832%2Fchp%25253A10.1007%25252F978-3-319-07446-7_19.pdf%3ForiginUrl%3Dhttp%253A%252F%252Flink.springer.com%252Fchapter%252F10.1007%252F978-3-319-07446-7_19*~hmac=557d43e3fc4de335b09f40e548643e53e97f7bd093f250e0cc99c696f8efd306},
   year = {2014},
   type = {Book Section}
}

@article{RN156,
   author = {Tong, Tiffany and Chignell, Mark and Tierney, C. Mary and Lee, Jacques},
   title = {A Serious Game for Clinical Assessment of Cognitive Status: Validation Study},
   journal = {JMIR Serious Games},
   volume = {4},
   number = {1},
   pages = {e7},
   DOI = {10.2196/games.5006},
   url = {http://games.jmir.org/2016/1/e7/
http://www.ncbi.nlm.nih.gov/pubmed/27234145},
   year = {2016},
   type = {Journal Article}
}

@misc{RN29,
   volume = {7206},
   pages = {36-47},
   ISBN = {03029743
9783642341816},
   DOI= {10.1007/978-3-642-34182-3_4},
   url = {http://download.springer.com/static/pdf/986/chp%253A10.1007%252F978-3-642-34182-3_4.pdf?originUrl=http%3A%2F%2Flink.springer.com%2Fchapter%2F10.1007%2F978-3-642-34182-3_4&token2=exp=1481656260~acl=%2Fstatic%2Fpdf%2F986%2Fchp%25253A10.1007%25252F978-3-642-34182-3_4.pdf%3ForiginUrl%3Dhttp%253A%252F%252Flink.springer.com%252Fchapter%252F10.1007%252F978-3-642-34182-3_4*~hmac=999725df1a0316ed4faeb2bc6ea47a2f341c0fdf26fa0c3e39ae462fe855fed7},
   year = {2012},
   type = {Generic}
}

@inbook{RN107,
   author = {van Beurden, Maurice H. P. H. and Ijsselsteijn, Wijnand A. and de Kort, Yvonne A. W.},
   title = {User Experience of Gesture Based Interfaces: A Comparison with Traditional Interaction Methods on Pragmatic and Hedonic Qualities},
   booktitle = {Gesture and Sign Language in Human-Computer Interaction and Embodied Communication: 9th International Gesture Workshop, GW 2011, Athens, Greece, May 25-27, 2011, Revised Selected Papers},
   editor = {Efthimiou, Eleni and Kouroupetroglou, Georgios and Fotinea, Stavroula-Evita},
   publisher = {Springer Berlin Heidelberg},
   address = {Berlin, Heidelberg},
   pages = {36-47},
   ISBN = {978-3-642-34182-3},
   DOI = {10.1007/978-3-642-34182-3_4},
   url = {http://dx.doi.org/10.1007/978-3-642-34182-3_4
http://download.springer.com/static/pdf/986/chp%253A10.1007%252F978-3-642-34182-3_4.pdf?originUrl=http%3A%2F%2Flink.springer.com%2Fchapter%2F10.1007%2F978-3-642-34182-3_4&token2=exp=1494260355~acl=%2Fstatic%2Fpdf%2F986%2Fchp%25253A10.1007%25252F978-3-642-34182-3_4.pdf%3ForiginUrl%3Dhttp%253A%252F%252Flink.springer.com%252Fchapter%252F10.1007%252F978-3-642-34182-3_4*~hmac=199a4af2af6e7fdeac45962641a5e76ae5d4889d1d10bda98416f06bc07ccf89},
   year = {2012},
   type = {Book Section}
}

@article{RN20,
   author = {Vasiljevic, Gabriel Alves Mendes and de Miranda, Leonardo Cunha and de Miranda, Erica Esteves Cunha},
   title = {A Case Study of MasterMind Chess: Comparing Mouse/Keyboard Interaction with Kinect-Based Gestural Interface},
   journal = {Advances in Human-Computer Interaction},
   volume = {2016},
   pages = {10},
   DOI = {10.1155/2016/4602471},
   url = {http://dx.doi.org/10.1155/2016/4602471
http://downloads.hindawi.com/journals/ahci/2016/4602471.pdf},
   year = {2016},
   type = {Journal Article}
}

@misc{RN7,
   volume = {57},
   pages = {209-232},
   ISBN = {0167-6393},
   DOI= {10.1016/j.specom.2013.09.008},
   url = {http://ac.els-cdn.com/S0167639313001295/1-s2.0-S0167639313001295-main.pdf?_tid=8934df9a-b02a-11e6-981a-00000aab0f01&acdnat=1479760921_34c11e3f15654e67163fa0e97cc01451},
   year = {2014},
   type = {Generic}
}

@article{RN63,
   author = {Weichert, Frank and Bachmann, Daniel and Rudak, Bartholomäus and Fisseler, Denis},
   title = {Analysis of the accuracy and robustness of the leap motion controller},
   journal = {Sensors (Basel, Switzerland)},
   volume = {13},
   number = {5},
   pages = {6380},
   DOI = {10.3390/s130506380},
   url = {http://www.mdpi.com/1424-8220/13/5/6380/pdf},
   year = {2013},
   type = {Journal Article}
}

@misc{RN65,
   volume = {2016},
   number = {30.11.},
   url = {http://www.businessinsider.com/why-microsoft-xbox-kinect-didnt-take-off-2015-9?r=US&IR=T&IR=T },
   year = {2015},
   type = {Web Page}
}

@inbook{RN102,
   author = {Wexelblat, Alan},
   title = {Research challenges in gesture: Open issues and unsolved problems},
   booktitle = {Gesture and Sign Language in Human-Computer Interaction: International Gesture Workshop Bielefeld, Germany, September 17–19, 1997 Proceedings},
   editor = {Wachsmuth, Ipke and Fröhlich, Martin},
   publisher = {Springer Berlin Heidelberg},
   address = {Berlin, Heidelberg},
   pages = {1-11},
   ISBN = {978-3-540-69782-4},
   DOI = {10.1007/BFb0052984},
   url = {http://dx.doi.org/10.1007/BFb0052984
http://download.springer.com/static/pdf/68/chp%253A10.1007%252FBFb0052984.pdf?originUrl=http%3A%2F%2Flink.springer.com%2Fchapter%2F10.1007%2FBFb0052984&token2=exp=1494258719~acl=%2Fstatic%2Fpdf%2F68%2Fchp%25253A10.1007%25252FBFb0052984.pdf%3ForiginUrl%3Dhttp%253A%252F%252Flink.springer.com%252Fchapter%252F10.1007%252FBFb0052984*~hmac=211234b59c5cb0125ab120514f248056f59a6b2dec843ccba42e017aa1ff0720},
   year = {1998},
   type = {Book Section}
}

@article{RN142,
   author = {Whyatt, Caroline and Craig, Cathy},
   title = {Sensory-motor problems in Autism},
   journal = {Frontiers in Integrative Neuroscience},
   volume = {7},
   number = {51},
   ISSN = {1662-5145},
   DOI = {10.3389/fnint.2013.00051},
   url = {https://www.frontiersin.org/article/10.3389/fnint.2013.00051
https://fjfsdata01prod.blob.core.windows.net/articles/files/46628/pubmed-zip/.versions/1/.package-entries/fnint-07-00051/fnint-07-00051.pdf?sv=2015-12-11&sr=b&sig=8TZ8MlJsorC2KVZ5Dm4hPhg5CwJR4r6KzyA%2F60mlq6s%3D&se=2018-03-05T17%3A46%3A01Z&sp=r&rscd=attachment%3B%20filename%2A%3DUTF-8%27%27fnint-07-00051.pdf},
   year = {2013},
   type = {Journal Article}
}

@article{RN159,
   author = {Whyte, Elisabeth M. and Smyth, Joshua M. and Scherf, K. Suzanne},
   title = {Designing Serious Game Interventions for Individuals with Autism},
   journal = {Journal of Autism and Developmental Disorders},
   volume = {45},
   number = {12},
   pages = {3820-3831},
   ISSN = {1573-3432},
   DOI = {10.1007/s10803-014-2333-1},
   url = {https://doi.org/10.1007/s10803-014-2333-1
https://link.springer.com/content/pdf/10.1007%2Fs10803-014-2333-1.pdf},
   year = {2015},
   type = {Journal Article}
}

@misc{RN36,
   volume = {2016},
   number = {16.12.},
   url = {https://en.wikipedia.org/wiki/Research_question},
   type = {Web Page}
}

@misc{RN58,
   volume = {2016},
   number = {30.11.},
   url = { https://en.wikipedia.org/wiki/Automatic_faucet },
   year = {2016},
   type = {Web Page}
}

@misc{RN64,
   volume = {2016},
   number = {30.11.},
   url = {https://en.wikipedia.org/wiki/Kinect },
   year = {2016},
   type = {Web Page}
}

@misc{RN69,
   volume = {2016},
   number = {30.11.},
   url = {https://en.wikipedia.org/wiki/Leap_Motion },
   year = {2016},
   type = {Web Page}
}

@inbook{RN105,
   author = {Zhang, Yanxia and Stellmach, Sophie and Sellen, Abigail and Blake, Andrew},
   title = {The Costs and Benefits of Combining Gaze and Hand Gestures for Remote Interaction},
   booktitle = {Human-Computer Interaction – INTERACT 2015: 15th IFIP TC 13 International Conference, Bamberg, Germany, September 14-18, 2015, Proceedings, Part III},
   editor = {Abascal, Julio and Barbosa, Simone and Fetter, Mirko and Gross, Tom and Palanque, Philippe and Winckler, Marco},
   publisher = {Springer International Publishing},
   address = {Cham},
   pages = {570-577},
   ISBN = {978-3-319-22698-9},
   DOI = {10.1007/978-3-319-22698-9_39},
   url = {http://dx.doi.org/10.1007/978-3-319-22698-9_39
http://download.springer.com/static/pdf/122/chp%253A10.1007%252F978-3-319-22698-9_39.pdf?originUrl=http%3A%2F%2Flink.springer.com%2Fchapter%2F10.1007%2F978-3-319-22698-9_39&token2=exp=1494259235~acl=%2Fstatic%2Fpdf%2F122%2Fchp%25253A10.1007%25252F978-3-319-22698-9_39.pdf%3ForiginUrl%3Dhttp%253A%252F%252Flink.springer.com%252Fchapter%252F10.1007%252F978-3-319-22698-9_39*~hmac=bd78e25d1084efa1c72e1313f6d9227cd239dac24e05a9578f861501d95dea5a},
   year = {2015},
   type = {Book Section}
}

@article{RN163,
   author = {Zwaigenbaum, Lonnie and Bauman, Margaret L. and Fein, Deborah and Pierce, Karen and Buie, Timothy and Davis, Patricia A. and Newschaffer, Craig and Robins, Diana L. and Wetherby, Amy and Choueiri, Roula and Kasari, Connie and Stone, Wendy L. and Yirmiya, Nurit and Estes, Annette and Hansen, Robin L. and McPartland, James C. and Natowicz, Marvin R. and Carter, Alice and Granpeesheh, Doreen and Mailloux, Zoe and Smith Roley, Susanne and Wagner, Sheldon},
   title = {Early Screening of Autism Spectrum Disorder: Recommendations for Practice and Research},
   journal = {Pediatrics},
   volume = {136},
   number = {Supplement 1},
   pages = {S41-S59},
   DOI = {10.1542/peds.2014-3667D},
   url = {http://pediatrics.aappublications.org/content/pediatrics/136/Supplement_1/S41.full.pdf},
   year = {2015},
   type = {Journal Article}
}

